@online{othello,
	author = {Masters Traditional Games},
	title = {Rules and Instructions for Reversi and Othello},
	date = {2019},
	url = {https://www.mastersofgames.com/rules/reversi-othello-rules.htm}
}

@online{elo,
	author = {Adam Newell},
	title = {What is Elo? An explanation of competitive gamingâ€™s hidden rating system},
	date = {2018-01},
	url = {https://dotesports.com/general/news/elo-ratings-explained-20565}
}

@online{docker,
	author = {Docker Inc},
	title = {Docker overview},
	date = {2020-02},
	url = {https://docs.docker.com/engine/docker-overview/}
}
